<?xml version="1.0" encoding="UTF-8"?><collection xmlns="http://www.loc.gov/MARC21/slim"><record><leader>00387nam--2200133-i-4500</leader><controlfield tag="001">000040861</controlfield><controlfield tag="002">20161230</controlfield><controlfield tag="005">20161230201042</controlfield><controlfield tag="008">060222s1000------------r-----000-0-eng-d</controlfield><datafield ind1=" " ind2=" " tag="100"><subfield code="a">Schwerte,Hans Und W.Spengler</subfield></datafield><datafield ind1=" " ind2=" " tag="245"><subfield code="a">Denker und deuter in heutigen europa. band ii:europaische kopfe. england</subfield></datafield><datafield ind1=" " ind2=" " tag="260"><subfield code="a">Oldenbourg, Stalling, 1955</subfield></datafield><datafield ind1=" " ind2=" " tag="490"><subfield code="a">Gestalter Unserer Zeit</subfield></datafield><datafield ind1=" " ind2=" " tag="852"><subfield code="a">12151</subfield></datafield></record></collection>